<collection xmlns="http://www.loc.gov/MARC21/slim">
<record>
  <leader>01163nam0a2200253 i 450 </leader>
  <controlfield tag="001">IT\ICCU\CNCE\058989</controlfield>
  <controlfield tag="005">20111109000000.0</controlfield>
  <datafield tag="012" ind1=" " ind2=" ">
    <subfield code="a">*.a- em.&amp; i.s. Bode (3) 1545 (A)</subfield>
    <subfield code="2">fei</subfield>
  </datafield>
  <datafield tag="100" ind1=" " ind2=" ">
    <subfield code="a">20040819d1545        0itac0103    ba</subfield>
  </datafield>
  <datafield tag="101" ind1=" " ind2=" ">
    <subfield code="a">LAT</subfield>
  </datafield>
  <datafield tag="102" ind1=" " ind2=" ">
    <subfield code="a">IT</subfield>
  </datafield>
  <datafield tag="200" ind1="1" ind2=" ">
    <subfield code="a">Preclara comentaria super secunda parte Codicis domini Ioannis Bolognetti iurisconsulti Bono</subfield>
  </datafield>
  <datafield tag="210" ind1=" " ind2=" ">
    <subfield code="e">impressum in ciuitate Nusci in montibus Hirpinis iusta Aufidi fluuii ortum et Calorem fluuium</subfield>
    <subfield code="g">per Franciscum de Fabris Curinaldum de Marca</subfield>
    <subfield code="h">1545</subfield>
  </datafield>
  <datafield tag="215" ind1=" " ind2=" ">
    <subfield code="a">44 c.</subfield>
    <subfield code="d">fol</subfield>
  </datafield>
  <datafield tag="620" ind1=" " ind2=" ">
    <subfield code="a">IT</subfield>
    <subfield code="d">Nusco</subfield>
  </datafield>
  <datafield tag="700" ind1=" " ind2="1">
    <subfield code="a">Bolognetti,</subfield>
    <subfield code="b">Giovanni</subfield>
    <subfield code="3">IT\ICCU\CNCA\001812</subfield>
  </datafield>
  <datafield tag="712" ind1="0" ind2="0">
    <subfield code="a">Fabri, Francesco</subfield>
    <subfield code="3">IT\ICCU\CNCT\001823</subfield>
    <subfield code="4">650</subfield>
  </datafield>
  <datafield tag="791" ind1="0" ind2="0">
    <subfield code="a">De_Fabris, Francesco</subfield>
    <subfield code="3">IT\ICCU\CNCT\003530</subfield>
    <subfield code="z">Fabri, Francesco</subfield>
  </datafield>
  <datafield tag="791" ind1="0" ind2="0">
    <subfield code="a">Corinaltensis, Franciscus</subfield>
    <subfield code="3">IT\ICCU\CNCT\003786</subfield>
    <subfield code="z">Fabri, Francesco</subfield>
  </datafield>
  <datafield tag="791" ind1="0" ind2="0">
    <subfield code="a">Fabrus, Franciscus</subfield>
    <subfield code="3">IT\ICCU\CNCT\004735</subfield>
    <subfield code="z">Fabri, Francesco</subfield>
  </datafield>
  <datafield tag="791" ind1="0" ind2="0">
    <subfield code="a">Fabris, Franciscus de</subfield>
    <subfield code="3">IT\ICCU\CNCT\004737</subfield>
    <subfield code="z">Fabri, Francesco</subfield>
  </datafield>
  <datafield tag="791" ind1="0" ind2="0">
    <subfield code="a">Fabro, Francesco</subfield>
    <subfield code="3">IT\ICCU\CNCT\004740</subfield>
    <subfield code="z">Fabri, Francesco</subfield>
  </datafield>
  <datafield tag="801" ind1=" " ind2="3">
    <subfield code="a">IT</subfield>
    <subfield code="b">ICCU</subfield>
    <subfield code="c">20201115</subfield>
  </datafield>
  <datafield tag="899" ind1=" " ind2=" ">
    <subfield code="a">Biblioteca civica Romolo Spezioli. Fermo</subfield>
    <subfield code="1">AP0012</subfield>
    <subfield code="2">UMC FM</subfield>
  </datafield>
</record>
</collection>
